@article{lehmer1964machine,
  title={The machine tools of combinatorics},
  author={Lehmer, Derrick H},
  journal={Applied combinatorial mathematics},
  pages={5--31},
  year={1964},
  publisher={Wiley New York}
}

@book{knuth2011art,
  title={The art of computer programming},
  author={Knuth, Donald Ervin},
  publisher={Addison-Wesley},
  year={2011},
  volume={4a}
}

@article{mccaffrey2004generating,
  title={Generating the mth lexicographical element of a mathematical combination},
  author={McCaffrey, James},
  journal={MSDN Library},
  volume={7},
  number={07},
  year={2004}
}

@article{macaulay1927some,
  title={Some properties of enumeration in the theory of modular systems},
  author={Macaulay, Francis Sowerby},
  journal={Proceedings of the London Mathematical Society},
  volume={2},
  number={1},
  pages={531--555},
  year={1927},
  publisher={Oxford University Press}
}

@incollection{green1989restrictions,
  title={Restrictions of linear series to hyperplanes, and some results of Macaulay and Gotzmann},
  author={Green, Mark},
  booktitle={Algebraic curves and projective geometry},
  pages={76--86},
  year={1989},
  publisher={Springer}
}

@inproceedings{butler2011fast,
  title={Fast hardware computation of x mod z},
  author={Butler, Jon T and Sasao, Tsutomu},
  booktitle={2011 IEEE International Symposium on Parallel and Distributed Processing Workshops and Phd Forum},
  pages={294--297},
  year={2011},
  organization={IEEE}
}

@article{donnot2020unranking,
  title={Unranking Combinations Lexicographically: an efficient new strategy compared with others},
  author={Donnot, Cyann and Genitrini, Antoine and Herida, Yassine},
  year={2020}
}

@article{gomez2018scutoids,
  title={Scutoids are a geometrical solution to three-dimensional packing of epithelia},
  author={G{\'o}mez-G{\'a}lvez, Pedro and Vicente-Munuera, Pablo and Tagua, Antonio and Forja, Cristina and Castro, Ana M and Letr{\'a}n, Marta and Valencia-Exp{\'o}sito, Andrea and Grima, Clara and Berm{\'u}dez-Gallardo, Marina and Serrano-P{\'e}rez-Higueras, {\'O}scar and others},
  journal={Nature communications},
  volume={9},
  number={1},
  pages={1--14},
  year={2018},
  publisher={Nature Publishing Group}
}